% Encoding: UTF-8
@Article{Main,
  author  = {Jonghwa Kim},
  title   = {{Emotion Recognition Based on Physiological Changes in Music Listening}},
  journal = {IEEE TRANSACTIONS ON PATTERN ANALYSIS AND MACHINE INTELLIGENCE, VOL. 30, NO. 12},
  year    = {2008},
}

@Book{MusikUndEmotion,
  title     = {{Musik und Emotion: Wissenschaftliche Grundlagen des Musik-Erlebens}},
  publisher = {Springer-Verlag Wien},
  year      = {2003},
  author    = {Univ.-Prof. Dr. Horst-Peter Hesse},
}

@Article{Krumhansl,
  author  = {Carol l. Krumhansl},
  title   = {{An Exploratory Study of Musical Emotions and Psychophysiology}},
  journal = {Canadian Journal of Experimental Psychology},
  year    = {1997},
}

@Article{BioSensors,
  author  = {Andreas Haag and Silke Goronzy and Peter Schaich and Jason Williams},
  title   = {{Emotion Recognition Using Bio-Sensors: First Steps Towards an Automatic System}},
  journal = {Lecture Notes in Computer Science},
  year    = {2004},
}

@Book{Vegetativ,
  title     = {{Periphere Leitungsbahnen II Haut und Sinnesorgane Vegetatives Nervensystem}},
  publisher = {Springer-Verlag Berlin Heidelberg},
  year      = {1940},
  author    = {Curt Elze},
}

@Article{Picard,
  author  = {R. Picard and E. Vyzas and J. Healy},
  title   = {{Toward Machine Emotional Intelligence: Analysis of Affective Physiological State}},
  journal = {IEEE Trans. Pattern Analysis and Machine Intelligence, vol. 23, no. 10, pp. 1175-1191},
  year    = {2001},
}

@Article{SC,
  author = {Arturo Nakasone and Helmut Prendinger and Mitsuru Ishizuka},
  title  = {{Emotion Recognition from Electromyography and Skin Conductance}},
  year   = {2005},
}

@InBook{Emotion,
  title   = {{The Psychophysiology of Emotion}},
  year    = {2000},
  author  = {Cacioppo, John and Berntson, Gary and Larsen, Jeff and M Poehlmann, Kirsten and A Ito, Tiffany},
  month   = {01},
  journal = {The Handbook of Emotion},
}

@Book{BasiswissenEmotion,
  title     = {{Motivation und Emotion (Basiswissen Psychologie)}},
  publisher = {Vs Verlag},
  year      = {2001},
  author    = {Klaus Rothermund and Andreas Eder},
}

@Book{WorterbuchPhilosophie,
  title     = {{Wörterbuch der Philosophie}},
  publisher = {Kröner Stuttgart},
  year      = {1991},
  author    = {Georgi Schischkoff},
}

@Book{Emotionsregulation,
  title     = {{Emotionsregulation: Manual und Materialien für Trainer und Therapeuten}},
  publisher = {Springer-Verlag Berlin Heidelberg},
  year      = {2016},
  author    = {Sven Barnow and Eva Reinelt and Christina Sauer},
}

@Article{Mimik,
  author  = {Ekman, Paul and Richard Sorenson, E and V. Friesen, Wallace},
  title   = {{Pan-Cultural Elements in Facial Displays of Emotion}},
  journal = {Science (New York, N.Y.)},
  year    = {1969},
  volume  = {164},
  pages   = {86-8},
  month   = {05},
  doi     = {10.1126/science.164.3875.86},
}

@Book{MusikNeuro,
  title     = {{Music and the Brain. Studies in the Neurology of Music}},
  publisher = {Heinemann Educational Books},
  year      = {1977},
  author    = {Macdonald Critchley and R. A. Henson},
}

@Misc{ProcompInfiniti,
  title        = {{ProComp INFINITI (8-Kanal-System)}},
  howpublished = {\url{https://www.meditech.de/en_US/shop/product/8570-procomp-infiniti-8-kanal-system-840}},
  note         = {Zuletzt besucht: 28.05.2019},
}

@Article{DavisThaut,
  author  = {William B. Davis and Michael H. Thaut},
  title   = {{The Influence of Preferred Relaxing Music on Measures of State Anxiety, Relaxation, and Physiological Responses}},
  journal = {{Journal of Music Therapy, Volume 26, Issue 4}},
  year    = {1989},
}

@Article{Guzetta,
  author  = {C.E. Guzzetta},
  title   = {{Effects of relaxation and music therapy on patients in a coronary care unit with presumptive acute myocardial infarction}},
  journal = {{Hear and Lung vol. 18, no. 6}},
  year    = {1989},
}

@Article{ArousalSC,
  author  = {D.R. Bach and K. J. Friston and R. J. Dolan},
  title   = {{Analytic measures for quantification of arousal from spontaneous skin conductance fluctuations}},
  journal = {{International journal of psychophysiology : official journal of the International Organization of Psychophysiology}},
  year    = {2010},
}

@Book{FeatureSelection,
  title     = {Feature Selection for Knowledge Discovery and Data Mining},
  publisher = {Springer US},
  year      = {1998},
  author    = {Huan Liu and Hiroshi Motoda},
}

@MastersThesis{DiplomFeature,
  author = {Sven Schutze},
  title  = {{Merkmalauswahlverfahren zur Lokalisierung der Bindungsstellen von Transkriptionsfaktoren}},
  school = {{Friedrich-Schiller-Universität Jena}},
  year   = {2005},
}

@Misc{CUDAAwareMPI,
  author       = {Jiri Kraus},
  title        = {{An Introduction to CUDA-Aware MPI}},
  howpublished = {{\url{https://devblogs.nvidia.com/introduction-cuda-aware-mpi/}}},
  note         = {Zuletzt besucht: 27.08.2019},
}

@Misc{ClusterSetup,
  title = {{Building a Nvidia Jetson TK1 Cluster}},
  howpublished = {{\url{http://www.selkie-macalester.org/csinparallel/modules/RosieCluster/build/html/#}}},
  note         = {Zuletzt besucht: 27.08.2019},
}

@Article{WirelessECG,
  author  = {Jae-Ho Lee and Dong-Wook Seo},
  title   = {Development of ECG Monitoring System and Implantable Device with Wireless Charging},
  journal = {Micromachines (Basel)},
  year    = {2019},
}
